@INPROCEEDINGS(pwe09,
  BIBITEMLABEL = "PWE09", 
  AUTHOR  = "Pattath, A.; William, P. and Ebert, D.",
  TITLE   = "Temporal data representation on mobile devices for in-field law enforcement",
  YEAR        = 2009,
  MONTH	= "April", 
  BOOKTITLE = "CHI 2009",
  ADDRESS     = "Boston, MA, {USA}")
  
@INPROCEEDINGS(rma14,
  BIBITEMLABEL = "RMA14",
  AUTHOR  = "Razip A. M. M.; Malik A.; Afzal S.; Potrawski M.; Maciejewski R.; Jang Y.; Elmqvist N. and Ebert D. S.",
  TITLE   = "A Mobile Visual Analytics Approach for Law Enforcement Situation Awareness",
  YEAR        = 2014,
  MONTH	= "April",
  PUBLISHER = "IEEE",
  BOOKTITLE = "Visualization Symposium (PacificVis)",
  ADDRESS     = "Yokohama, {Japan}")
  
@WWW-MISC(bud15a,
  BIBITEMLABEL = "BUD15a",
  AUTHOR       = "Buda, C.",
  TITLE        = "Mobile Workforce and customer engagement in the brewery industry",
  URL          = "https://www.linkedin.com/pulse/mobile-workforce-customer-engagement-brewery-industry-constantin-buda",
  YEAR         =  2015)
  
@WWW-MISC(tec16,
  BIBITEMLABEL = "TEC16",
  AUTHOR       = "Techopedia",
  TITLE        = "Mobile Workforce",
  URL          = "https://www.techopedia.com/definition/30249/mobile-workforce",
  YEAR         =  2016)
  
@WWW-MISC(bud15b,
  BIBITEMLABEL = "BUD15b",
  AUTHOR       = "Buda, C.",
  TITLE        = "Leave out the old and let the mobile in",
  URL          = "https://www.linkedin.com/pulse/leave-out-old-let-mobile-constantin-buda",
  YEAR         =  2015)
  
@ARTICLE(bau10, 
BIBITEMLABEL = "BaH10", 
 author = {Baudisch, Patrick and Holz, Christian},
 title = {My New PC is a Mobile Phone},
 journal = {XRDS},
 issue_date = {Summer 2010},
 volume = {16},
 number = {4},
 month = jun,
 year = {2010},
 issn = {1528-4972},
 pages = {36--41},
 numpages = {6},
 url = {http://doi.acm.org/10.1145/1764848.1764857},
 doi = {10.1145/1764848.1764857},
 acmid = {1764857},
 publisher = {ACM},
 address = {New York, NY, USA},
) 

@ARTICLE(wvms06,
	BIBITEMLABEL = "WVM06", 
    author = {Y. Wang A; E. Van De Kar, G.R. Meijer and H.G. Sol},
    title = {Business Engineering With Mobile Workforce Solutions},
    year = {2006},
    volume={7},
    number={2},
    journal="International Journal of Computers, Systems and Signals",
 	pages = {42--54},
)