@WWW-MISC(res16,
  BIBITEMLABEL = "RES16",
  TITLE        = "Reslink Solutions Ltd",
  URL          = "https://www.reslink.fi",
  YEAR         =  2016)
  
@WWW-MISC(com16,
  BIBITEMLABEL = "COM16",
  AUTHOR  = "Anteneh Sahledengel",
  TITLE        = "Commuter - Reittiopas ja aikataulut",
  URL          = "http://ewketapps.weebly.com/commuter.html",
  YEAR         =  2016)
  
@WWW-MISC(spo16,
  BIBITEMLABEL = "SPO16",
  TITLE        = "Sports Tracker",
  URL          = "http://www.sports-tracker.com/",
  YEAR         =  2016)