@BOOK(SK14,
  BIBITEMLABEL = "StK14",
  AUTHOR    = "Steve, K.",
  TITLE     = "Don't Make Me Think, Revisited: A Common Sense Approach to Web Usability",
  PUBLISHER = "New Riders",
  YEAR      = 2014,
  ADDRESS   = "United States of America")
  
@WWW-MISC(kim15,
  BIBITEMLABEL = "KIM15",
  AUTHOR       = "Kim, D.",
  TITLE        = "7 Common Web Form Design Mistakes to Avoid",
  URL          = "https://www.formassembly.com/blog/web-form-design/",
  YEAR         =  2015)