@WWW-MISC(APP16,
  BIBITEMLABEL = "APP16",
  AUTHOR       = "Apple",
  TITLE        = "Design principles - iOS Human Interface Guidelines",
  URL          = "https://developer.apple.com/ios/human-interface-guidelines/overview/design-principles/",
  YEAR         =  2016)