@BOOK(clean-coder,
  BIBITEMLABEL = "RCM11",
  AUTHOR    = "Robert C. Martin",
  TITLE     = "The Clean Coder: A Code of Conduct for Professional Programmers",
  PUBLISHER = "Prentice Hall",
  YEAR      = 2011)