@book{introtodatamining,
 author = {Tan, Pang-Ning and Steinbach, Michael and Kumar, Vipin},
 title = {Introduction to Data Mining, (First Edition)},
 year = {2005},
 isbn = {0321321367},
 publisher = {Addison-Wesley Longman Publishing Co., Inc.},
 address = {Boston, MA, USA},
}
 
@book{witten2016data,
  title={Data Mining: Practical machine learning tools and techniques},
  author={Witten, Ian H and Frank, Eibe and Hall, Mark A and Pal, Christopher J},
  year={2016},
  publisher={Morgan Kaufmann}
}

@article{zarsky2002mine,
  title={Mine your own business: making the case for the implications of the data mining of personal information in the forum of public opinion},
  author={Zarsky, Tal Z},
  journal={Yale JL \& Tech.},
  volume={5},
  pages={1},
  year={2002},
  publisher={HeinOnline}
}

@book{inmon2007tapping,
  title={Tapping into unstructured data: integrating unstructured data and textual analytics into business intelligence},
  author={Inmon, William H and Nesavich, Anthony},
  year={2007},
  publisher={Pearson Education}
}

@article{bose2001business,
  title={Business data mining - a machine learning perspective},
  author={Bose, Indranil and Mahapatra, Radha K},
  journal={Information \& management},
  volume={39},
  number={3},
  pages={211--225},
  year={2001},
  publisher={Elsevier}
}

@inproceedings{datamininginbusinessprocesses,
 author = {Holsheimer, Marcel},
 title = {Data Mining by Business Users: Integrating Data Mining in Business Processes},
 booktitle = {Tutorial Notes of the Fifth ACM SIGKDD International Conference on Knowledge Discovery and Data Mining},
 series = {KDD '99},
 year = {1999},
 isbn = {1-58113-171-2},
 location = {San Diego, California, USA},
 pages = {266--291},
 numpages = {26},
 url = {http://doi.acm.org/10.1145/312179.312196},
 doi = {10.1145/312179.312196},
 acmid = {312196},
 publisher = {ACM},
 address = {New York, NY, USA}
} 

@inproceedings{monetisingusergeneratedcontent,
 author = {Liu, Yu-Hsn and Ren, Yongli and Dew, Robert},
 title = {Monetising User Generated Content Using Data Mining Techniques},
 booktitle = {Proceedings of the Eighth Australasian Data Mining Conference - Volume 101},
 series = {AusDM '09},
 year = {2009},
 isbn = {978-1-920682-82-8},
 location = {Melbourne, Australia},
 pages = {75--81},
 numpages = {7},
 url = {http://dl.acm.org/citation.cfm?id=2449360.2449377},
 acmid = {2449377},
 publisher = {Australian Computer Society, Inc.},
 address = {Darlinghurst, Australia, Australia},
 keywords = {YouTube, business intelligence, data mining, monetisation, user-generated content, web mining}
}

@ARTICLE{data_mining_and_knowledge_discovery, 
author={U. M. Feyyad}, 
journal={IEEE Expert}, 
title={Data mining and knowledge discovery: making sense out of data}, 
year={1996}, 
volume={11}, 
number={5}, 
pages={20-25}, 
keywords={data analysis;knowledge acquisition;query processing;very large databases;data analysis;data mining;information use;knowledge discovery;Credit cards;Data mining;Data visualization;Humans;Image databases;Information retrieval;Marketing and sales;Space vehicles;TV;Transaction databases}, 
doi={10.1109/64.539013}, 
ISSN={0885-9000}, 
month={Oct},}

@article{data_mining_in_educational_science,
title = "A sample study on applying data mining research techniques in educational science: Developing a more meaning of data",
journal = "Procedia - Social and Behavioral Sciences",
volume = "15",
pages = "4028 - 4032",
year = "2011",
issn = "1877-0428",
doi = "http://dx.doi.org/10.1016/j.sbspro.2011.04.408",
url = "http://www.sciencedirect.com/science/article/pii/S1877042811009542",
author = "Kenan Zengin and Necmi Esgi and Ergin Erginer and Mehmet Emin Aksoy",
keywords = "Educational sciences",
keywords = "data mining"
}

@article{saraee2004data,
  title={A data mining approach to analysis and prediction of movie ratings},
  author={Saraee, M and White, S and Eccleston, J},
  journal={Transactions of the Wessex Institute},
  pages={343--352},
  year={2004},
  publisher={Wessex Institute Press}
}

@inproceedings{wegener2010integrating,
  title={On Integrating Data Mining into Business Processes.},
  author={Wegener, Dennis and R{\"u}ping, Stefan},
  organization={Springer},
  year={2010}
}

@article{kabinsingha2012movie,
  title={Movie Rating Approach and Application Based on Data Mining},
  author={Kabinsingha, S and Chindasorn, S and Chantrapornchai, C},
  year={2012}
}

@article{sumathi2013performance,
  title={Performance Analysis of Classification Methods for Opinion Mining},
  author={Sumathi, T and Karthik, S and Marikannan, M}
}

@inproceedings{jang2015noreciprocity,
 author = {Jang, Jin Yea and Han, Kyungsik and Lee, Dongwon},
 title = {No Reciprocity in "Liking" Photos: Analyzing Like Activities in Instagram},
 booktitle = {Proceedings of the 26th ACM Conference on Hypertext \&\#38; Social Media},
 series = {HT '15},
 year = {2015},
 isbn = {978-1-4503-3395-5},
 location = {Guzelyurt, Northern Cyprus},
 pages = {273--282},
 numpages = {10},
 url = {http://doi.acm.org/10.1145/2700171.2791043},
 doi = {10.1145/2700171.2791043},
 acmid = {2791043},
 publisher = {ACM},
 address = {New York, NY, USA},
 keywords = {instagram, like activity, like network, social media analysis},
} 

@inproceedings{bakhshi2014faces,
  title={Faces engage us: Photos with faces attract more likes and comments on instagram},
  author={Bakhshi, Saeideh and Shamma, David A and Gilbert, Eric},
  booktitle={Proceedings of the 32nd annual ACM conference on Human factors in computing systems},
  pages={965--974},
  year={2014},
  organization={ACM}
}

@inproceedings{hu2014we,
  title={What We Instagram: A First Analysis of Instagram Photo Content and User Types.},
  author={Hu, Yuheng and Manikonda, Lydia and Kambhampati, Subbarao and others},
  year={2014}
}

@inproceedings{jang2016teensengagemorewithfewerphotos,
 author = {Jang, Jin Yea and Han, Kyungsik and Lee, Dongwon and Jia, Haiyan and Shih, Patrick C.},
 title = {Teens Engage More with Fewer Photos: Temporal and Comparative Analysis on Behaviors in Instagram},
 booktitle = {Proceedings of the 27th ACM Conference on Hypertext and Social Media},
 series = {HT '16},
 year = {2016},
 isbn = {978-1-4503-4247-6},
 location = {Halifax, Nova Scotia, Canada},
 pages = {71--81},
 numpages = {11},
 url = {http://doi.acm.org/10.1145/2914586.2914602},
 doi = {10.1145/2914586.2914602},
 acmid = {2914602},
 publisher = {ACM},
 address = {New York, NY, USA},
 keywords = {age difference, comparative analysis, instagram, teens},
} 

@inproceedings{han2016teensarefrommars,
 author = {Han, Kyungsik and Lee, Sanghack and Jang, Jin Yea and Jung, Yong and Lee, Dongwon},
 title = {Teens Are from Mars, Adults Are from Venus: Analyzing and Predicting Age Groups with Behavioral Characteristics in Instagram},
 booktitle = {Proceedings of the 8th ACM Conference on Web Science},
 series = {WebSci '16},
 year = {2016},
 isbn = {978-1-4503-4208-7},
 location = {Hannover, Germany},
 pages = {35--44},
 numpages = {10},
 url = {http://doi.acm.org/10.1145/2908131.2908160},
 doi = {10.1145/2908131.2908160},
 acmid = {2908160},
 publisher = {ACM},
 address = {New York, NY, USA},
 keywords = {behavioral patterns and detection of teens in social media, comparative analysis, teens in social media},
}

@inproceedings{guy2016whatsyourorganizationlike,
 author = {Guy, Ido and Ronen, Inbal and Zwerdling, Naama and Zuyev-Grabovitch, Irena and Jacovi, Michal},
 title = {What is Your Organization 'Like'?: A Study of Liking Activity in the Enterprise},
 booktitle = {Proceedings of the 2016 CHI Conference on Human Factors in Computing Systems},
 series = {CHI '16},
 year = {2016},
 isbn = {978-1-4503-3362-7},
 location = {Santa Clara, California, USA},
 pages = {3025--3037},
 numpages = {13},
 url = {http://doi.acm.org/10.1145/2858036.2858540},
 doi = {10.1145/2858036.2858540},
 acmid = {2858540},
 publisher = {ACM},
 address = {New York, NY, USA},
 keywords = {like activity, like analysis, social media, workplace},
} 

@inproceedings{farseev2015harvestingmultiplesources,
 author = {Farseev, Aleksandr and Nie, Liqiang and Akbari, Mohammad and Chua, Tat-Seng},
 title = {Harvesting Multiple Sources for User Profile Learning: A Big Data Study},
 booktitle = {Proceedings of the 5th ACM on International Conference on Multimedia Retrieval},
 series = {ICMR '15},
 year = {2015},
 isbn = {978-1-4503-3274-3},
 location = {Shanghai, China},
 pages = {235--242},
 numpages = {8},
 url = {http://doi.acm.org/10.1145/2671188.2749381},
 doi = {10.1145/2671188.2749381},
 acmid = {2749381},
 publisher = {ACM},
 address = {New York, NY, USA},
 keywords = {demographic profile, mobility profile, multiple source integration, user profile learning},
} 

@INPROCEEDINGS{chinesemobilebankingusers, 
  author={S. Wang and I. Petrounias}, 
  booktitle={2017 IEEE 19th Conference on Business Informatics (CBI)}, 
  title={Big Data Analysis on Demographic Characteristics of Chinese Mobile Banking Users}, 
  year={2017}, 
  volume={02}, 
  pages={47-54}, 
  keywords={Big Data;Business;Education;Mobile communication;Mobile handsets;Online banking;mobile banking; demographic characteristics; big data analysis; decision tree}, 
  doi={10.1109/CBI.2017.72}, 
  month={July},
}

@artilcle{bigdatamanagementrevolution, 
  author= "{Blasiak, Kevin}",
  title = {Big Data; A Management Revolution: The emerging role of big data in businesses},
  url = "{http://theseus.fi/handle/10024/74701}",
  year = "{2014}",
  publisher = {Metropolia Ammattikorkeakoulu}
}

@inproceedings{ottoni2013ladies,
  title={Ladies First: Analyzing Gender Roles and Behaviors in Pinterest.},
  author={Ottoni, Raphael and Pesce, Joao Paulo and Las Casas, Diego B and Franciscani Jr, Geraldo and Meira Jr, Wagner and Kumaraguru, Ponnurangam and Almeida, Virg{\'\i}lio AF},
  year={2013},
  booktitle = {Proceedings of the Seventh International AAAI Conference on Weblogs and Social Media},
}

@inproceedings{jang2015no,
  title={No reciprocity in liking photos: Analyzing like activities in Instagram},
  author={Jang, Jin Yea and Han, Kyungsik and Lee, Dongwon},
  booktitle={Proceedings of the 26th ACM Conference on Hypertext \& Social Media},
  pages={273--282},
  year={2015},
  organization={ACM}
}

@inproceedings{socialdiversityongithub,
 author = {Au{\'e}, Joop and Haisma, Michiel and T\'{o}masd\'{o}ttir, Krist\'{\i}n Fj\'{o}la and Bacchelli, Alberto},
 title = {Social Diversity and Growth Levels of Open Source Software Projects on GitHub},
 booktitle = {Proceedings of the 10th ACM/IEEE International Symposium on Empirical Software Engineering and Measurement},
 series = {ESEM '16},
 year = {2016},
 isbn = {978-1-4503-4427-2},
 location = {Ciudad Real, Spain},
 pages = {41:1--41:6},
 articleno = {41},
 numpages = {6},
 url = {http://doi.acm.org/10.1145/2961111.2962633},
 doi = {10.1145/2961111.2962633},
 acmid = {2962633},
 publisher = {ACM},
 address = {New York, NY, USA},
 keywords = {GitHub, social diversity, software project growth},
} 

@article{waheed2017investigation,
  title={Investigation of user behavior on social networking sites},
  author={Waheed, Hajra and Anjum, Maria and Rehman, Mariam and Khawaja, Amina},
  journal={PloS one},
  volume={12},
  number={2},
  pages={e0169693},
  year={2017},
  publisher={Public Library of Science}
}

@WWW-MISC(shouldfacebookusereactions,
  AUTHOR       = "Andrew Hutchinson",
  TITLE        = "Should You Use Facebook Reactions as a Voting Mechanism on Live Broadcasts?",
  URL          = "http://www.socialmediatoday.com/social-business/should-you-use-facebook-reactions-voting-mechanism-live-broadcasts",
  YEAR         =  2017,
  VALID        =  "28.9.2017")

@WWW-MISC(howarenewspublishersreactingonfacebook,
AUTHOR       = "Fractl",
TITLE        = "How are news publishers' audiences reating on Facebook?",
URL          = "http://www.frac.tl/research/facebook-reactions",
YEAR         =  2017,
VALID        =  "29.9.2017")

@WWW-MISC(psychology-of-facebook,
AUTHOR       = "Courtney Seiter",
TITLE        = "Psychology of Facebook?",
URL          = "https://blog.bufferapp.com/psychology-of-facebook",
YEAR         =  2016,
VALID        =  "30.9.2017")

@article{youyou2015computer,
  title={Computer-based personality judgments are more accurate than those made by humans},
  author={Youyou, Wu and Kosinski, Michal and Stillwell, David},
  journal={Proceedings of the National Academy of Sciences},
  volume={112},
  number={4},
  pages={1036--1040},
  year={2015},
  publisher={National Acad Sciences}
}