@book{introtodatamining,
 author = {Tan, Pang-Ning and Steinbach, Michael and Kumar, Vipin},
 title = {Introduction to Data Mining, (First Edition)},
 year = {2005},
 isbn = {0321321367},
 publisher = {Addison-Wesley Longman Publishing Co., Inc.},
 address = {Boston, MA, USA},
}
 
@book{witten2016data,
  title={Data Mining: Practical machine learning tools and techniques},
  author={Witten, Ian H and Frank, Eibe and Hall, Mark A and Pal, Christopher J},
  year={2016},
  publisher={Morgan Kaufmann}
}

@article{zarsky2002mine,
  title={Mine your own business: making the case for the implications of the data mining of personal information in the forum of public opinion},
  author={Zarsky, Tal Z},
  journal={Yale JL \& Tech.},
  volume={5},
  pages={1},
  year={2002},
  publisher={HeinOnline}
}

@book{inmon2007tapping,
  title={Tapping into unstructured data: integrating unstructured data and textual analytics into business intelligence},
  author={Inmon, William H and Nesavich, Anthony},
  year={2007},
  publisher={Pearson Education}
}

@article{kahneman1982psychology,
  title={The psychology of preferences},
  author={Kahneman, Daniel and Tversky, Amos and others},
  year={1982},
  publisher={WH Freeman}
}

@article{pang2008opinion,
  title={Opinion mining and sentiment analysis},
  author={Pang, Bo and Lee, Lillian and others},
  journal={Foundations and Trends{\textregistered} in Information Retrieval},
  volume={2},
  number={1--2},
  pages={1--135},
  year={2008},
  publisher={Now Publishers, Inc.}
}

@article{bose2001business,
  title={Business data mining - a machine learning perspective},
  author={Bose, Indranil and Mahapatra, Radha K},
  journal={Information \& management},
  volume={39},
  number={3},
  pages={211--225},
  year={2001},
  publisher={Elsevier}
}

@inproceedings{datamininginbusinessprocesses,
 author = {Holsheimer, Marcel},
 title = {Data Mining by Business Users: Integrating Data Mining in Business Processes},
 booktitle = {Tutorial Notes of the Fifth ACM SIGKDD International Conference on Knowledge Discovery and Data Mining},
 series = {KDD '99},
 year = {1999},
 isbn = {1-58113-171-2},
 location = {San Diego, California, USA},
 pages = {266--291},
 numpages = {26},
 url = {http://doi.acm.org/10.1145/312179.312196},
 doi = {10.1145/312179.312196},
 acmid = {312196},
 publisher = {ACM},
 address = {New York, NY, USA}
} 

@inproceedings{monetisingusergeneratedcontent,
 author = {Liu, Yu-Hsn and Ren, Yongli and Dew, Robert},
 title = {Monetising User Generated Content Using Data Mining Techniques},
 booktitle = {Proceedings of the Eighth Australasian Data Mining Conference - Volume 101},
 series = {AusDM '09},
 year = {2009},
 isbn = {978-1-920682-82-8},
 location = {Melbourne, Australia},
 pages = {75--81},
 numpages = {7},
 url = {http://dl.acm.org/citation.cfm?id=2449360.2449377},
 acmid = {2449377},
 publisher = {Australian Computer Society, Inc.},
 address = {Darlinghurst, Australia, Australia},
 keywords = {YouTube, business intelligence, data mining, monetisation, user-generated content, web mining}
}

@ARTICLE{data_mining_and_knowledge_discovery, 
author={U. M. Feyyad}, 
journal={IEEE Expert}, 
title={Data mining and knowledge discovery: making sense out of data}, 
year={1996}, 
volume={11}, 
number={5}, 
pages={20-25}, 
keywords={data analysis;knowledge acquisition;query processing;very large databases;data analysis;data mining;information use;knowledge discovery;Credit cards;Data mining;Data visualization;Humans;Image databases;Information retrieval;Marketing and sales;Space vehicles;TV;Transaction databases}, 
doi={10.1109/64.539013}, 
ISSN={0885-9000}, 
month={Oct},}