@WWW-MISC(F1F,
  BIBITEMLABEL = "F1F",
  AUTHOR       = "FORMULA1",
  TITLE        = "The Official F1 Instagram Account",
  URL          = "https://www.facebook.com/Formula1",
  YEAR         =  2016)
  
  @WWW-MISC(F1I,
  BIBITEMLABEL = "F1I",
  AUTHOR       = "FORMULA1",
  TITLE        = "The Official F1 Instagram Account",
  URL          = "https://www.instagram.com/f1/",
  YEAR         =  2016)